% Encoding: UTF-8
@Book{Nielsen,
  author    	= {Michael Nielsen},
  title     	= {Neural Networks And Deep Learning},
  year      	= {2015},
  publisher 	= {Determination Press},
  url 			= {http://neuralnetworksanddeeplearning.com},
  urldate   	= {2018-07-02},
}

@Book{Kriesel, 
	author 		= {David Kriesel}, 
	title 		=  { Ein kleiner \"{U}berblick \"{u}ber Neuronale Netze },
	year 		=   { 2007}, 
	url 		= {http://www.dkriesel.com},
	urldate 	= {2017-12-17},
}

@Book{3B1B,
	author 		= {Grant Sanderson},
	title 		= {But what *is* a Neural Network? | Chapter 1, deep learning [Video]},
	year 		= {2017},
	url 		= {https://youtu.be/aircAruvnKk},
	urldate 	= {2017-12-17},
}

@Book{AlphaGo,
  author 		= {Demis Hassabis},
  title   		= {What we learned in Seoul with AlphaGo},
  year    		= {2016},
  publisher 	= {The Keyword (Google)},
  url     		= {https://www.blog.google/topics/machine-learning/what-we-learned-in-seoul-with-alphago/},
  urldate 		= {2017-12-17},
}

@Book{Gurney,
	author    	= {Kevin Gurney},
	title     	= {An introduction to neural networks},
	year      	= {1997},
	publisher 	= {London: UCL Press},
}

@Book{Practitioner,
	author    	= {Adam Gibson and Josh Patterson},
	title     	= {Deep Learning. A Practitioner's Approach.},
	year      	= {2017},
	edition		= {1. Auflage},
	publisher 	= {Sebastopol: O'Reilly Media},
}

@Book{Fundamentals,
	author    	= {Nikhil Buduma and Nicholas Lacascio},
	title     	= {Fundamentals of Deep Learning. Designing Next-Generation Machine Intelligence Algorithms.},
	year      	= {2017},
	edition		= {1. Auflage},
	publisher 	= {Sebastopol: O'Reilly Media},
}

@Book{Rashid,
	author    	= {Tariq Rashid},
	title     	= {Neuronale Netze selbst programmieren. Ein verständlicher Einstieg mit Python},
	year     	= {2017},
	edition		= {1. Auflage},
	publisher 	= {Heidelberg: O'Reilly},
}

@Book{Wartala,
	author    	= {Ramon Wartala},
	title     	= {Praxiseinstieg Deep Learning. Mit Python, Caffe, TensorFlow und Spark eigene Deep-Learning-Anwendungen erstellen},
	year     	= {2018},
	edition		= {1. Auflage},
	publisher 	= {Heidelberg: O'Reilly},
}

@Book{Tchircoff,
	author    	= {Andrew Tchircoff},
	title     	= {The mostly complete chart of Neural Networks, explained},
	year      	= {04.08.2017},
	url 		= {https://towardsdatascience.com/the-mostly-complete-chart-of-neural-networks-explained-3fb6f2367464},
	urldate   	= {2018-07-26},
}

@Book{DickeBuch,
	title		= {Deep Learning},
	author		= {Yoshua Bengio and Aaron Courville and Ian Goodfellow},
	publisher	= {MIT Press},
	year		= {2016},
	url 		= {http://www.deeplearningbook.org},
	urldate 	= {2018-06-24},
}


@Book{IBM,
	author    	= {Judith Hurwitz and Daniel Kirsch},
	title     	= {Machine Learning For Dummies. IBM Limited Edition},
	year     	= {2018},
	publisher 	= {Hoboken: John Wiley and Sons, Inc.},
	url 		= {https://www-01.ibm.com/common/ssi/cgi-bin/ssialias?htmlfid=IMM14209USEN},
	urldate		= {2018-06-26}
}

@Book{OptMethods,
	author		= {Quoc V. Le and Jiquan Ngiam and Adam Coates and Abhik Lahiri and Bobby Prochnow and Andrew Y. Ng},
	title 		= {On Optimization Methods for Deep Learning},
	year 		= {}
}

@Book{Challenges,
	author 		= {Parth Shrivastava},
	title		= {Challenges in Deep Learning},
	date		= {2017-07-19},
	url 		= {https://blog.paralleldots.com/data-science/challenges-in-deep-learning/},
	urldate		= {2018-08-25},
}

@Book{CNNklein,
	author		= {Ryan Nash and Keiron O'Shea},
	title 		= {An Introduction to Convolutional Neural Networks},
	date		= {2015-12-02},
	url			= {https://arxiv.org/pdf/1511.08458.pdf},
	urldate		= {2018-06-26},
}

@Book{CNNgross,
	author 		= {Jianxin Wu},
	title 		= {Introduction to Convolutional Neural Networks},
	date		= {2017-05-01},
	url			= {https://pdfs.semanticscholar.org/450c/a19932fcef1ca6d0442cbf52fec 
	38fb9d1e5.pdf},
	urldate		= {2018-06-26},
}

@Book{UnderstandingLSTMs,
	author 		= {Christopher Olah},
	title 		= {Understanding LSTM Networks},
	date		= {2015-08-27},
	url			= {http://colah.github.io/posts/2015-08-Understanding-LSTMs/},
	urldate		= {2018-08-30},
}

@Book{Gupta,
	author		= {Dishashree Gupta},
	title		= {Fundamentals of Deep Learning – Introduction to Recurrent Neural Networks},
	date		= {2017-12-07},
	url 		= {https://www.analyticsvidhya.com/blog/2017/12/introduction-to-recurrent-neural-networks/},
	urldate		= {2018-08-30},
}

@Book{UnreasonableEffectivness,
	author		= {Andrej Karpathy},
	title		= {The Unreasonable Effectiveness of Recurrent Neural Networks},
	date		= {2015-05-21},
	url			= {http://karpathy.github.io/2015/05/21/rnn-effectiveness/},
	urldate		= {2018-08-30},
}

@Book{LeCunWebseite,
	author 		= {Christopher J.C. Burges and Corinna Cortes and Yann LeCun},
	title 		= {The MNIST Database of handwritten digits},
	date		= {1998},
	url 		= {http://yann.lecun.com/exdb/mnist/index.html},
	urldate		= {2018-01-28},
}


@Comment{jabref-meta: databaseType:biblatex;}
